@book{quotationDictionary,
    author        = {{Watson D.}},
    title         = {THE WORDSWORTH DICTIONARY OF MUSICAL QUOTATIONS},
    year          = {1991},
    publisher     = {Wordsworth Reference},
    address      = {Edinburgh}

}


// PT URL-URI
@misc{deepLearningBook,
    author={Nielsen, M.A.},
    title={{\emph{Neural Networks and Deep Learning}}},
    howpublished = "\\ \url{http://neuralnetworksanddeeplearning.com/}",
}
@misc{whatIsMusic,
    author={Stephanie Przybyl},
    title={{\emph{Machine Learning for humans}}},
    howpublished = "\\ \url{https://medium.com/machine-learning-for-humans/why-machine-learning-matters-6164faf1df12/}",
}
@misc{whatIsML,
    author={Maini, V. Sabri, Samer},
    title={{\emph{What is Music? - Definition{,} Terminology \& Characteristics}}},
    howpublished = "\\ \url{http://neuralnetworksanddeeplearning.com/}",
}
@misc{inputLayer,
    author={Technopedia},
    title={{\emph{Input Layer}}},
    howpublished = "\\ \url{https://www.techopedia.com/definition/33262/input-layer-neural-networks}",
}
@misc{outputLayer,
    author={Technopedia},
    title={{\emph{Output Layer}}},
    howpublished = "\\ \url{https://www.techopedia.com/definition/33263/output-layer-neural-networks}",
}
@misc{hiddenlayer,
    author={Technopedia},
    title={{\emph{Hidden Layer}}},
    howpublished = "\\ \url{https://www.techopedia.com/definition/33264/hidden-layer-neural-networks}",
}
@misc{understandingANN,
    author={Yiu, Tony},
    title={{\emph{Understanding Neural Networks}}},
    howpublished = "\\ \url{https://towardsdatascience.com/understanding-neural-networks-19020b758230}",
}

